@String(PAMI = {IEEE Trans. Pattern Anal. Mach. Intell.})
@String(IJCV = {Int. J. Comput. Vis.})
@String(CVPR= {IEEE Conf. Comput. Vis. Pattern Recog.})
@String(WACV= {IEEE Wint. Conf. on App. of Comput. Vis.})
@String(ICCV= {Int. Conf. Comput. Vis.})
@String(ECCV= {Eur. Conf. Comput. Vis.})
@String(NIPS= {Adv. Neural Inform. Process. Syst.})
@String(ICPR = {Int. Conf. Pattern Recog.})
@String(BMVC= {Brit. Mach. Vis. Conf.})
@String(TOG= {ACM Trans. Graph.})
@String(TIP  = {IEEE Trans. Image Process.})
@String(TVCG  = {IEEE Trans. Vis. Comput. Graph.})
@String(TMM  = {IEEE Trans. Multimedia})
@String(ACMMM= {ACM Int. Conf. Multimedia})
@String(ICME = {Int. Conf. Multimedia and Expo.})
@String(ICASSP= {ICASSP})
@String(ICIP = {IEEE Int. Conf. Image Process.})
@String(ACCV  = {ACCV})
@String(ICLR = {Int. Conf. Learn. Represent.})
@String(IJCAI = {IJCAI})
@String(PR   = {Pattern Recognition})
@String(AAAI = {AAAI})
@String(SIGKDD = {ACM SIGKDD})
@String(CVPRW= {IEEE Conf. Comput. Vis. Pattern Recog. Worksh.})
@String(ECCVW= {Eur. Conf. Comput. Vis. Worksh.})
@String(CSVT = {IEEE Trans. Circuit Syst. Video Technol.})
@STRING(DV = {Int. Conf. 3D Vis.})
@String(IROS = {IEEE Conf. Intell. Robot. Syst.})
@STRING(JSSC = {IEEE J. of Solid-State Circuits})
@String(ACMCS = {ACM Comp. Surv.})
@String(TKDE = {IEEE Trans. Know. Data Eng.})
@String(ACMICIKM = {ACM Int. Conf. Info. Know. Manage.})
@String(TNNLS = {IEEE Trans. Neur. Net. Learn. Sys.})

@article{kd_tree,
  title={Hypergraph propagation and community selection for objects retrieval},
  author={An, Guoyuan and Huo, Yuchi and Yoon, Sung-Eui},
  journal=NIPS,
  pages={3596--3608},
  year={2021}
}

@inproceedings{hgnn,
  title={Hypergraph neural networks},
  author={Feng, Yifan and You, Haoxuan and Zhang, Zizhao and Ji, Rongrong and Gao, Yue},
  booktitle=AAAI,
  pages={3558--3565},
  year={2019}
}

@article{hgnnp,
  title={{HGNN+: General hypergraph neural networks}},
  author={Gao, Yue and Feng, Yifan and Ji, Shuyi and Ji, Rongrong},
  journal=PAMI,
  volume={45},
  number={3},
  pages={3181--3199},
  year={2022},
  publisher={IEEE}
}

@article{hg_book,
  title={Hypergraph Computation},
  author={Gao, Yue and Ji, Shuyi and Han, Xiangmin and Dai, Qionghai},
  journal={Engineering},
  year={2024},
  publisher={Elsevier}
}

@article{hg_survey,
  title={A survey on hypergraph representation learning},
  author={Antelmi, Alessia and Cordasco, Gennaro and Polato, Mirko and Scarano, Vittorio and Spagnuolo, Carmine and Yang, Dingqi},
  journal=ACMCS,
  volume={56},
  number={1},
  pages={1--38},
  year={2023},
  publisher={ACM New York, NY}
}

@article{hg_survey2,
  title={A survey on hypergraph mining: Patterns, tools, and generators},
  author={Lee, Geon and Bu, Fanchen and Eliassi-Rad, Tina and Shin, Kijung},
  journal=ACMCS,
  year={2024},
  publisher={ACM New York, NY}
}

@inproceedings{hg_survey3,
  title={A survey on hypergraph neural networks: An in-depth and step-by-step guide},
  author={Kim, Sunwoo and Lee, Soo Yong and Gao, Yue and Antelmi, Alessia and Polato, Mirko and Shin, Kijung},
  booktitle=SIGKDD,
  pages={6534--6544},
  year={2024}
}

@article{hg_survey4,
  title={Recent Advances in Hypergraph Neural Networks},
  author={Yang, Murong and Xu, Xin-Jian},
  journal={arXiv preprint arXiv:2503.07959},
  year={2025}
}

@article{hgformer,
  title={{HGFormer: Topology-aware vision transformer with hypergraph learning}},
  author={Wang, Hao and Zhang, Shuo and Leng, Biao},
  journal=TMM,
  year={2025},
  publisher={IEEE}
}



@article{social,
  title={Social influence maximization in hypergraph in social networks},
  author={Zhu, Jianming and Zhu, Junlei and Ghosh, Smita and Wu, Weili and Yuan, Jing},
  journal={IEEE Trans. Net. Sci. Eng.},
  volume={6},
  number={4},
  pages={801--811},
  year={2018},
  publisher={IEEE}
}

@article{social2,
  title={{LBSN2Vec++: Heterogeneous hypergraph embedding for location-based social networks}},
  author={Yang, Dingqi and Qu, Bingqing and Yang, Jie and Cudr{\'e}-Mauroux, Philippe},
  journal=TKDE,
  volume={34},
  number={4},
  pages={1843--1855},
  year={2020},
  publisher={IEEE}
}


@inproceedings{kg,
  title={Multi-modal knowledge hypergraph for diverse image retrieval},
  author={Zeng, Yawen and Jin, Qin and Bao, Tengfei and Li, Wenfeng},
  booktitle=AAAI,
  pages={3376--3383},
  year={2023}
}


@inproceedings{recom,
  title={Self-supervised hypergraph convolutional networks for session-based recommendation},
  author={Xia, Xin and Yin, Hongzhi and Yu, Junliang and Wang, Qinyong and Cui, Lizhen and Zhang, Xiangliang},
  booktitle=AAAI,
  pages={4503--4511},
  year={2021}
}

@article{recom2,
  title={Music recommendation via hypergraph embedding},
  author={La Gatta, Valerio and Moscato, Vincenzo and Pennone, Mirko and Postiglione, Marco and Sperl{\'\i}, Giancarlo},
  journal=TNNLS,
  volume={34},
  number={10},
  pages={7887--7899},
  year={2022},
  publisher={IEEE}
}

@article{bio,
  title={Hypergraph models of biological networks to identify genes critical to pathogenic viral response},
  author={Feng, Song and Heath, Emily and Jefferson, Brett and Joslyn, Cliff and Kvinge, Henry and Mitchell, Hugh D and Praggastis, Brenda and Eisfeld, Amie J and Sims, Amy C and Thackray, Larissa B and others},
  journal={{BMC Bioinfo.}},
  volume={22},
  number={1},
  pages={287},
  year={2021},
  publisher={Springer}
}

@article{bio2,
  title={MORE: A multi-omics data-driven hypergraph integration network for biomedical data classification and biomarker identification},
  author={Wang, Yuhan and Wang, Zhikang and Yu, Xuan and Wang, Xiaoyu and Song, Jiangning and Yu, Dong-Jun and Ge, Fang},
  journal={{Brief. in Bioinfo.}},
  volume={26},
  number={1},
  pages={bbae658},
  year={2025},
  publisher={Oxford University Press}
}


@ARTICLE{obj_det_survey,
  author={Cheng, Gong and Yuan, Xiang and Yao, Xiwen and Yan, Kebing and Zeng, Qinghua and Xie, Xingxing and Han, Junwei},
  journal=PAMI, 
  title={Towards large-scale small object detection: Survey and benchmarks}, 
  year={2023},
  volume={45},
  number={11},
  pages={13467-13488},
  publisher={IEEE}
}

@ARTICLE{vit_survey,
  author={Li, Xiangtai and Ding, Henghui and Yuan, Haobo and Zhang, Wenwei and Pang, Jiangmiao and Cheng, Guangliang and Chen, Kai and Liu, Ziwei and Loy, Chen Change},
  journal=PAMI, 
  title={Transformer-based visual segmentation: A survey}, 
  year={2024},
  volume={46},
  number={12},
  pages={10138-10163},
  publisher={IEEE}}

@ARTICLE{seg_survey,
  author={Minaee, Shervin and Boykov, Yuri and Porikli, Fatih and Plaza, Antonio and Kehtarnavaz, Nasser and Terzopoulos, Demetri},
  journal=PAMI, 
  title={Image segmentation using deep learning: A survey}, 
  year={2022},
  volume={44},
  number={7},
  pages={3523-3542},
  publisher={IEEE}
}

@inproceedings{vit,
  title={An image is worth 16 Ã— 16 words: Transformers for image recognition at scale},
  author={Dosovitskiy, Alexey and Beyer, Lucas and Kolesnikov, Alexander and Weissenborn, Dirk and Zhai, Xiaohua and Unterthiner, Thomas and Dehghani, Mostafa and Minderer, Matthias and Heigold, G and Gelly, S and others},
  booktitle=ICLR,
  year={2020}
}

@inproceedings{pvt,
  title={Pyramid vision transformer: A versatile backbone for dense prediction without convolutions},
  author={Wang, Wenhai and Xie, Enze and Li, Xiang and Fan, Deng-Ping and Song, Kaitao and Liang, Ding and Lu, Tong and Luo, Ping and Shao, Ling},
  booktitle=ICCV,
  pages={568--578},
  year={2021}
}

@article{pvtv2,
  title={{PVT v2: Improved baselines with pyramid vision transformer}},
  author={Wang, Wenhai and Xie, Enze and Li, Xiang and Fan, Deng-Ping and Song, Kaitao and Liang, Ding and Lu, Tong and Luo, Ping and Shao, Ling},
  journal={Comput. Visual Media},
  volume={8},
  number={3},
  pages={415--424},
  year={2022},
  publisher={Springer}
}

@inproceedings{swin,
  title={{Swin Transformer: Hierarchical vision transformer using shifted windows}},
  author={Liu, Ze and Lin, Yutong and Cao, Yue and Hu, Han and Wei, Yixuan and Zhang, Zheng and Lin, Stephen and Guo, Baining},
  booktitle=ICCV,
  pages={10012--10022},
  year={2021}
}

@inproceedings{twins,
  title={Twins: Revisiting the design of spatial attention in vision transformers},
  author={Chu, Xiangxiang and Tian, Zhi and Wang, Yuqing and Zhang, Bo and Ren, Haibing and Wei, Xiaolin and Xia, Huaxia and Shen, Chunhua},
  booktitle=NIPS,
  pages={9355--9366},
  year={2021}
}

@article{attn,
  title={Attention is all you need},
  author={Vaswani, Ashish and Shazeer, Noam and Parmar, Niki and Uszkoreit, Jakob and Jones, Llion and Gomez, Aidan N and Kaiser, {\L}ukasz and Polosukhin, Illia},
  journal={Adv. in Neur. Info. Process. Sys.},
  year={2017}
}

@inproceedings{mscoco,
  title={{Microsoft COCO: Common objects in context}},
  author={Lin, Tsung-Yi and Maire, Michael and Belongie, Serge and Hays, James and Perona, Pietro and Ramanan, Deva and Doll{\'a}r, Piotr and Zitnick, C Lawrence},
  booktitle=ECCV,
  pages={740--755},
  year={2014},
}

@TECHREPORT{cifar,
    author={Alex Krizhevsky},
    title={Learning multiple layers of features from tiny images},
    year={2009}
}

@inproceedings{shanghaitech,
  title={Single-image crowd counting via multi-column convolutional neural network},
  author={Zhang, Yingying and Zhou, Desen and Chen, Siqin and Gao, Shenghua and Ma, Yi},
  booktitle=CVPR,
  pages={589--597},
  year={2016}
}

@article{cctrans,
  title={{CCTrans: Simplifying and improving crowd counting with transformer}},
  author={Tian, Ye and Chu, Xiangxiang and Wang, Hongpeng},
  journal={arXiv preprint arXiv:2109.14483},
  year={2021}
}

@inproceedings{p2pnet,
  title={Rethinking counting and localization in crowds: A purely point-based framework},
  author={Song, Qingyu and Wang, Changan and Jiang, Zhengkai and Wang, Yabiao and Tai, Ying and Wang, Chengjie and Li, Jilin and Huang, Feiyue and Wu, Yang},
  booktitle=ICCV,
  pages={3365--3374},
  year={2021}
}

@software{yolov8,
  author = {Glenn Jocher and Ayush Chaurasia and Jing Qiu},
  title = {{Ultralytics YOLOv8}},
  version = {8.0.0},
  year = {2023},
  url = {https://github.com/ultralytics/ultralytics},
  orcid = {0000-0001-5950-6979, 0000-0002-7603-6750, 0000-0003-3783-7069},
  license = {AGPL-3.0}
}

@article{yolov9,
  title={{YOLOv9: Learning what you want to learn using programmable gradient information}},
  author={Wang, Chien-Yao  and Liao, Hong-Yuan Mark},
  journal={arXiv preprint arXiv:2402.13616},
  year={2024}
}

@inproceedings{yolov10,
  title={{YOLOv10: Real-time end-to-end object detection}},
  author={Wang, Ao and Chen, Hui and Liu, Lihao and Chen, Kai and Lin, Zijia and Han, Jungong and others},
  booktitle=NIPS,
  pages={107984--108011},
  year={2024}
}

@software{yolo11,
  author = {Glenn Jocher and Jing Qiu},
  title = {{Ultralytics YOLO11}},
  version = {11.0.0},
  year = {2024},
  url = {https://github.com/ultralytics/ultralytics},
  orcid = {0000-0001-5950-6979, 0000-0002-7603-6750, 0000-0003-3783-7069},
  license = {AGPL-3.0}
}

@article{yolov12,
  title={{YOLOv12: Attention-centric real-time object detectors}},
  author={Tian, Yunjie and Ye, Qixiang and Doermann, David},
  journal={arXiv preprint arXiv:2502.12524},
  year={2025}
}

@ARTICLE{hyperyolo,
  author={Feng, Yifan and Huang, Jiangang and Du, Shaoyi and Ying, Shihui and Yong, Jun-Hai and Li, Yipeng and Ding, Guiguang and Ji, Rongrong and Gao, Yue},
  journal=PAMI, 
  title={{Hyper-YOLO: When Visual Object Detection Meets Hypergraph Computation}}, 
  year={2025},
  volume={47},
  number={4},
  pages={2388-2401},
  publisher={IEEE}}

@ARTICLE{lsc_cnn,
  author={Sam, Deepak Babu and Peri, Skand Vishwanath and Sundararaman, Mukuntha Narayanan and Kamath, Amogh and Babu, R. Venkatesh},
  journal=PAMI, 
  title={Locate, size, and count: Accurately resolving people in dense crowds via detection}, 
  year={2021},
  volume={43},
  number={8},
  pages={2739-2751},  
  publisher={IEEE}}

@inproceedings{csrnet,
  title={{CSRNet: Dilated convolutional neural networks for understanding the highly congested scenes}},
  author={Li, Yuhong and Zhang, Xiaofan and Chen, Deming},
  booktitle=CVPR,
  pages={1091--1100},
  year={2018}
}

@article{vgg,
  title={Very deep convolutional networks for large-scale image recognition},
  author={Simonyan, Karen and Zisserman, Andrew},
  journal={arXiv preprint arXiv:1409.1556},
  year={2014}
}

@article{hrnet,
  title={Deep high-resolution representation learning for visual recognition},
  author={Wang, Jingdong and Sun, Ke and Cheng, Tianheng and Jiang, Borui and Deng, Chaorui and Zhao, Yang and Liu, Dong and Mu, Yadong and Tan, Mingkui and Wang, Xinggang and others},
  journal=PAMI,
  volume={43},
  number={10},
  pages={3349--3364},
  year={2020},
  publisher={IEEE}
}

@inproceedings{ctrans_misn,
  title={Joint contextual transformer and multi-scale information shared network for crowd counting},
  author={Zeng, Xin and Hu, Shizhe and Wang, Huake and Zhang, Jinna},
  booktitle={Int. Conf. Pattern Recog. Arti. Intell.},
  pages={412--417},
  year={2022},
}

@inproceedings{gramformer,
  title={{GramFormer: Learning crowd counting via graph-modulated transformer}},
  author={Lin, Hui and Ma, Zhiheng and Hong, Xiaopeng and Shangguan, Qinnan and Meng, Deyu},
  booktitle=AAAI,
  pages={3395--3403},
  year={2024}
}

@inproceedings{cltr,
  title={An end-to-end transformer model for crowd localization},
  author={Liang, Dingkang and Xu, Wei and Bai, Xiang},
  booktitle=ECCV,
  pages={38--54},
  year={2022},
}

@article{kdmg,
  title={Kernel-based density map generation for dense object counting},
  author={Wan, Jia and Wang, Qingzhong and Chan, Antoni B},
  journal=PAMI,
  volume={44},
  number={3},
  pages={1357--1370},
  year={2020},
  publisher={IEEE}
}

@article{gms,
  title={Crowd localization from gaussian mixture scoped knowledge and scoped teacher},
  author={Wang, Juncheng and Gao, Junyu and Yuan, Yuan and Wang, Qi},
  journal=TIP,
  volume={32},
  pages={1802--1814},
  year={2023},
  publisher={IEEE}
}

@article{vmambacc,
  title={{VMambaCC: A visual state space model for crowd counting}},
  author={Ma, Hao-Yuan and Zhang, Li and Shi, Shuai},
  journal={arXiv preprint arXiv:2405.03978},
  year={2024}
}

@inproceedings{mprompt,
  title={Regressor-segmenter mutual prompt learning for crowd counting},
  author={Guo, Mingyue and Yuan, Li and Yan, Zhaoyi and Chen, Binghui and Wang, Yaowei and Ye, Qixiang},
  booktitle=CVPR,
  pages={28380--28389},
  year={2024}
}

@article{caapn,
  title={Consistency-aware anchor pyramid network for crowd localization},
  author={Liu, Xinyan and Li, Guorong and Qi, Yuankai and Han, Zhenjun and van den Hengel, Anton and Sebe, Nicu and Yang, Ming-Hsuan and Huang, Qingming},
  journal=PAMI,
  year={2024},
  publisher={IEEE}
}

@article{gcfl,
  title={Generalized characteristic function loss for crowd analysis in the frequency domain},
  author={Shu, Weibo and Wan, Jia and Chan, Antoni B},
  journal=PAMI,
  volume={46},
  number={5},
  pages={2882--2899},
  year={2023},
  publisher={IEEE}
}

@inproceedings{bl,
  title={Bayesian loss for crowd count estimation with point supervision},
  author={Ma, Zhiheng and Wei, Xing and Hong, Xiaopeng and Gong, Yihong},
  booktitle=ICCV,
  pages={6142--6151},
  year={2019}
}

@inproceedings{dmcount,
  title={Distribution matching for crowd counting},
  author={Wang, Boyu and Liu, Huidong and Samaras, Dimitris and Nguyen, Minh Hoai},
  journal=NIPS,
  pages={1595--1607},
  year={2020}
}

@inproceedings{topocount,
  title={Localization in the crowd with topological constraints},
  author={Abousamra, Shahira and Hoai, Minh and Samaras, Dimitris and Chen, Chao},
  booktitle=AAAI,
  pages={872--881},
  year={2021}
}

@ARTICLE{ddranet,
  author={Lei, Mengqi and Wu, Haochen and Lv, Xinhua and Jiang, Liangxiao},
  journal={{IEEE Signal Process. Letters}}, 
  title={{DDRANet: A dynamic density-region-aware network for crowd counting}}, 
  year={2024},
  volume={31},
  pages={2165-2169},
  publisher={IEEE}}


@article{moe_survey,
  title={A survey on mixture of experts},
  author={Cai, Weilin and Jiang, Juyong and Wang, Fan and Tang, Jing and Kim, Sunghun and Huang, Jiayi},
  journal={arXiv preprint arXiv:2407.06204},
  year={2024}
}

@article{deepseekmoe,
  title={{DeepseekMoE: Towards ultimate expert specialization in mixture-of-experts language models}},
  author={Dai, Damai and Deng, Chengqi and Zhao, Chenggang and Xu, RX and Gao, Huazuo and Chen, Deli and Li, Jiashi and Zeng, Wangding and Yu, Xingkai and Wu, Yu and others},
  journal={arXiv preprint arXiv:2401.06066},
  year={2024}
}

@article{goldyolo,
  title={{Gold-YOLO: Efficient object detector via gather-and-distribute mechanism}},
  author={Wang, Chengcheng and He, Wei and Nie, Ying and Guo, Jianyuan and Liu, Chuanjian and Wang, Yunhe and Han, Kai},
  journal=NIPS,
  pages={51094--51112},
  year={2023}
}

@inproceedings{rt_detr,
  title={{DETRs beat YOLOs on real-time object detection}},
  author={Zhao, Yian and Lv, Wenyu and Xu, Shangliang and Wei, Jinman and Wang, Guanzhong and Dang, Qingqing and Liu, Yi and Chen, Jie},
  booktitle=CVPR,
  pages={16965--16974},
  year={2024}
}

@article{rt_detrv2,
  title={{RT-DETRv2: Improved baseline with bag-of-freebies for real-time detection transformer}},
  author={Lv, Wenyu and Zhao, Yian and Chang, Qinyao and Huang, Kui and Wang, Guanzhong and Liu, Yi},
  journal={arXiv preprint arXiv:2407.17140},
  year={2024}
}

@article{adam,
  title={Adam: A method for stochastic optimization},
  author={Kingma, Diederik P and Ba, Jimmy},
  journal={arXiv preprint arXiv:1412.6980},
  year={2014}
}

@inproceedings{intra_inter,
  title={Hypergraph-guided intra-and inter-category relation modeling for fine-grained visual recognition},
  author={Chen, Lu and Wang, Qiangchang and Li, Zhaohui and Yin, Yilong},
  booktitle=ACMMM,
  pages={8043--8052},
  year={2024}
}
@inproceedings{yolov1,
  title={You only look once: Unified, real-time object detection},
  author={Redmon, Joseph and Divvala, Santosh and Girshick, Ross and Farhadi, Ali},
  booktitle=CVPR,
  pages={779--788},
  year={2016}
}

@inproceedings{yolov2,
  title={{YOLO9000: Better, faster, stronger}},
  author={Redmon, Joseph and Farhadi, Ali},
  booktitle=CVPR,
  pages={7263--7271},
  year={2017}
}


@article{yolov3,
  title={{YOLOv3: An incremental improvement}},
  author={Redmon, Joseph and Farhadi, Ali},
  journal={arXiv preprint arXiv:1804.02767},
  year={2018}
}

@article{yolov4,
  title={{YOLOv4: Optimal speed and accuracy of object detection}},
  author={Bochkovskiy, Alexey and Wang, Chien-Yao and Liao, Hong-Yuan Mark},
  journal={arXiv preprint arXiv:2004.10934},
  year={2020}
}

@software{yolov5,
  title = {{Ultralytics YOLOv5}},
  author = {Glenn Jocher},
  year = {2020},
  version = {7.0},
  license = {AGPL-3.0},
  url = {https://github.com/ultralytics/yolov5},
  doi = {10.5281/zenodo.3908559},
  orcid = {0000-0001-5950-6979}
}


@article{yolov6,
  title={{YOLOv6 v3.0: A full-scale reloading}},
  author={Li, Chuyi and Li, Lulu and Geng, Yifei and Jiang, Hongliang and Cheng, Meng and Zhang, Bo and Ke, Zaidan and Xu, Xiaoming and Chu, Xiangxiang},
  journal={arXiv preprint arXiv:2301.05586},
  year={2023}
}

@article{yolov7,
  title={{YOLOv7: Trainable bag-of-freebies sets new state-of-the-art for real-time object detectors}},
  author={Wang, Chien-Yao and Bochkovskiy, Alexey and Liao, Hong-Yuan Mark},
  journal={arXiv preprint arXiv:2207.02696},
  year={2022}
}



@article{yolo_survey,
  title={{A decade of you only look once (YOLO) for object detection}},
  author={Ramos, Leo Thomas and Sappa, Angel D},
  journal={arXiv preprint arXiv:2504.18586},
  year={2025}
}

@article{ppyolo,
  title={PP-YOLO: An effective and efficient implementation of object detector},
  author={Long, Xiang and Deng, Kaipeng and Wang, Guanzhong and Zhang, Yang and Dang, Qingqing and Gao, Yuan and Shen, Hui and Ren, Jianguo and Han, Shumin and Ding, Errui and others},
  journal={arXiv preprint arXiv:2007.12099},
  year={2020}
}

@article{yolor,
  title={You only learn one representation: Unified network for multiple tasks},
  author={Wang, Chien-Yao and Yeh, I-Hau and Liao, Hong-Yuan Mark},
  journal={arXiv preprint arXiv:2105.04206},
  year={2021}
}

@article{yolox,
  title={{YOLOX: Exceeding yolo series in 2021}},
  author={Ge, Zheng and Liu, Songtao and Wang, Feng and Li, Zeming and Sun, Jian},
  journal={arXiv preprint arXiv:2107.08430},
  year={2021}
}

@misc{yolonas,
      doi = {10.5281/ZENODO.7789328},
      url = {https://zenodo.org/records/7789328},
      author = {Aharon,  Shay and {Louis-Dupont} and {Ofri Masad} and Yurkova,  Kate and {Lotem Fridman} and {Lkdci} and Khvedchenya,  Eugene and Rubin,  Ran and Bagrov,  Natan and Tymchenko,  Borys and Keren,  Tomer and Zhilko,  Alexander and {Eran-Deci}},
      title = {Super-Gradients},
      publisher = {GitHub},
      journal = {GitHub repository},
      year = {2021},
}

@article{realtime_survey,
  title={{Real-time object detection and segmentation technology: An analysis of the YOLO algorithm}},
  author={Kang, Chang Ho and Kim, Sun Young},
  journal={JMST Advances},
  volume={5},
  number={2},
  pages={69--76},
  year={2023},
  publisher={Springer}
}

@article{survey_20y,
  title={{Object detection in 20 years: A survey}},
  author={Zou, Zhengxia and Chen, Keyan and Shi, Zhenwei and Guo, Yuhong and Ye, Jieping},
  journal={Proceed. of the IEEE},
  volume={111},
  number={3},
  pages={257--276},
  year={2023},
  publisher={IEEE}
}

@article{yolo_based_survey,
  title={{YOLO-based object detection models: A review and its applications}},
  author={Vijayakumar, Ajantha and Vairavasundaram, Subramaniyaswamy},
  journal={{Multimedia Tools and Applicat.}},
  volume={83},
  number={35},
  pages={83535--83574},
  year={2024},
  publisher={Springer}
}

@article{softhgnn,
  title={{SoftHGNN: Soft hypergraph neural networks for general visual recognition}},
  author={Lei, Mengqi and Wu, Yihong and Li, Siqi and Zheng, Xinhu and Wang, Juan and Gao, Yue and Du, Shaoyi},
  journal={arXiv preprint arXiv:2505.15325},
  year={2025}
}

@inproceedings{rcnn,
  title={Rich feature hierarchies for accurate object detection and semantic segmentation},
  author={Girshick, Ross and Donahue, Jeff and Darrell, Trevor and Malik, Jitendra},
  booktitle=CVPR,
  pages={580--587},
  year={2014}
}

@inproceedings{fast_rcnn,
  title={{Fast R-CNN}},
  author={Girshick, Ross},
  booktitle=ICCV,
  pages={1440--1448},
  year={2015}
}

@article{faster_rcnn,
  title={{Faster R-CNN: Towards real-time object detection with region proposal networks}},
  author={Ren, Shaoqing and He, Kaiming and Girshick, Ross and Sun, Jian},
  journal=NIPS,
  year={2015}
}


@inproceedings{dhgnn,
  title={Dynamic hypergraph neural networks.},
  author={Jiang, Jianwen and Wei, Yuxuan and Feng, Yifan and Cao, Jingxuan and Gao, Yue},
  booktitle=IJCAI,
  pages={2635--2641},
  year={2019}
}

@article{voc,
  title={{The pascal visual object classes (VOC) challenge}},
  author={Everingham, Mark and Van Gool, Luc and Williams, Christopher KI and Winn, John and Zisserman, Andrew},
  journal=IJCV,
  volume={88},
  pages={303--338},
  year={2010},
  publisher={Springer}
}

@inproceedings{vihgnn,
  title={{Vision HGNN: An image is more than a graph of nodes}},
  author={Han, Yan and Wang, Peihao and Kundu, Souvik and Ding, Ying and Wang, Zhangyang},
  booktitle=ICCV,
  pages={19878--19888},
  year={2023}
}

@inproceedings{hgvit,
  title={Hypergraph Vision Transformers: Images are More than Nodes, More than Edges},
  author={Fixelle, Joshua},
  booktitle=CVPR,
  pages={9751--9761},
  year={2025}
}

@article{hg_learning,
  title={{Hypergraph learning: Methods and practices}},
  author={Gao, Yue and Zhang, Zizhao and Lin, Haojie and Zhao, Xibin and Du, Shaoyi and Zou, Changqing},
  journal=PAMI,
  volume={44},
  number={5},
  pages={2548--2566},
  year={2020},
  publisher={IEEE}
}


@article{yoloms,
  title={{YOLO-MS: Rethinking multi-scale representation learning for real-time object detection}},
  author={Chen, Yuming and Yuan, Xinbin and Wang, Jiabao and Wu, Ruiqi and Li, Xiang and Hou, Qibin and Cheng, Ming-Ming},
  journal=PAMI,
  year={2025},
  publisher={IEEE}
}

@article{maskrcnn,
  title={{Mask R-CNN}},
  author={He, Kaiming and Gkioxari, Georgia and Dollar, Piotr and Girshick, Ross},
  journal=PAMI,
  volume={42},
  number={2},
  pages={386--397},
  year={2020}
}

@ARTICLE{hg_derain,
  author={Fu, Xueyang and Xiao, Jie and Zhu, Yurui and Liu, Aiping and Wu, Feng and Zha, Zheng-Jun},
  journal=PAMI, 
  title={Continual Image Deraining With Hypergraph Convolutional Networks}, 
  year={2023},
  volume={45},
  number={8},
  pages={9534-9551}
  }


@ARTICLE{hg_medical,
  author={Di, Donglin and Zou, Changqing and Feng, Yifan and Zhou, Haiyan and Ji, Rongrong and Dai, Qionghai and Gao, Yue},
  journal=PAMI, 
  title={Generating Hypergraph-Based High-Order Representations of Whole-Slide Histopathological Images for Survival Prediction}, 
  year={2023},
  volume={45},
  number={5},
  pages={5800-5815}
 }

@ARTICLE{hg_network,
  author={Fan, Haoyi and Zhang, Fengbin and Wei, Yuxuan and Li, Zuoyong and Zou, Changqing and Gao, Yue and Dai, Qionghai},
  journal=PAMI, 
  title={Heterogeneous Hypergraph Variational Autoencoder for Link Prediction}, 
  year={2022},
  volume={44},
  number={8},
  pages={4125-4138},
}

